<record xmlns="http://www.loc.gov/MARC21/slim">
   <leader>01138cam a2200313 a 4500</leader>
   <controlfield tag="001">1386434</controlfield>
   <controlfield tag="008">910703s1985    fr af           1 0 fre d</controlfield>
   <datafield ind1=" " ind2=" " tag="010">
      <subfield code="a">   85200510 //r88</subfield>
   </datafield>
   <datafield ind1=" " ind2=" " tag="020">
      <subfield code="a">2900596025</subfield>
   </datafield>
   <datafield ind1=" " ind2=" " tag="035">
      <subfield code="a">ocm12806010</subfield>
   </datafield>
   <datafield ind1=" " ind2=" " tag="040">
      <subfield code="a">DLC</subfield>
      <subfield code="b">eng</subfield>
      <subfield code="c">DLC</subfield>
   </datafield>
   <datafield ind1=" " ind2=" " tag="049">
      <subfield code="a">AEU</subfield>
      <subfield code="b">eng</subfield>
   </datafield>
   <datafield ind1="0" ind2="0" tag="050">
      <subfield code="a">PN1994</subfield>
      <subfield code="b">.D395 1985 vol. 1</subfield>
   </datafield>
   <datafield ind1="0" ind2=" " tag="082">
      <subfield code="a">791.43 s</subfield>
      <subfield code="a">791.43</subfield>
      <subfield code="2">19</subfield>
   </datafield>
   <datafield ind1="0" ind2=" " tag="090">
      <subfield code="a">PN 1994 D358 1985</subfield>
   </datafield>
   <datafield ind1="1" ind2=" " tag="100">
      <subfield code="a">Delluc, Louis,</subfield>
      <subfield code="d">1890-1924.</subfield>
   </datafield>
   <datafield ind1="1" ind2="3" tag="245">
      <subfield code="a">Le cinéma et les cinéastes /</subfield>
      <subfield code="c">Louis Delluc ; édition établie et présentée par Pierre Lherminier.</subfield>
   </datafield>
   <datafield ind1=" " ind2=" " tag="260">
      <subfield code="a">[Paris] :</subfield>
      <subfield code="b">Cinémathèque française,</subfield>
      <subfield code="c">[1985]</subfield>
   </datafield>
   <datafield ind1=" " ind2=" " tag="300">
      <subfield code="a">349 p., [48] p. of plates :</subfield>
      <subfield code="b">ill. ;</subfield>
      <subfield code="c">23 cm.</subfield>
   </datafield>
   <datafield ind1=" " ind2=" " tag="336">
      <subfield code="a">text</subfield>
      <subfield code="b">txt</subfield>
      <subfield code="2">rdacontent</subfield>
   </datafield>
   <datafield ind1=" " ind2=" " tag="337">
      <subfield code="a">unmediated</subfield>
      <subfield code="b">n</subfield>
      <subfield code="2">rdamedia</subfield>
   </datafield>
   <datafield ind1=" " ind2=" " tag="338">
      <subfield code="a">volume</subfield>
      <subfield code="b">nc</subfield>
      <subfield code="2">rdacarrier</subfield>
   </datafield>
   <datafield ind1="1" ind2=" " tag="490">
      <subfield code="a">Ecrits cinématographiques ;</subfield>
      <subfield code="v">1</subfield>
   </datafield>
   <datafield ind1=" " ind2=" " tag="500">
      <subfield code="a">Includes indexes.</subfield>
   </datafield>
   <datafield ind1=" " ind2=" " tag="596">
      <subfield code="a">43</subfield>
   </datafield>
   <datafield ind1=" " ind2="7" tag="655">
      <subfield code="a">Motion pictures.</subfield>
      <subfield code="2">lcgft</subfield>
   </datafield>
   <datafield ind1="1" ind2=" " tag="700">
      <subfield code="a">Lherminier, Pierre.</subfield>
   </datafield>
   <datafield ind1="1" ind2=" " tag="800">
      <subfield code="a">Delluc, Louis,</subfield>
      <subfield code="d">1890-1924.</subfield>
      <subfield code="t">Ecrits cinématographiques ;</subfield>
      <subfield code="v">1.</subfield>
   </datafield>
   <datafield ind1=" " ind2=" " tag="926">
      <subfield code="a">PN 1994 D358 1985</subfield>
      <subfield code="w">LC</subfield>
      <subfield code="c">1</subfield>
      <subfield code="i">000036971042</subfield>
      <subfield code="d">8/24/2010</subfield>
      <subfield code="e">8/3/2010</subfield>
      <subfield code="l">ON_SHELF</subfield>
      <subfield code="m">UAHSS</subfield>
      <subfield code="n">3</subfield>
      <subfield code="p">$150.00</subfield>
      <subfield code="r">Y</subfield>
      <subfield code="s">Y</subfield>
      <subfield code="t">BOOK</subfield>
      <subfield code="u">7/4/1991</subfield>
   </datafield>
</record>
